{
    "companies": [
        {
            "id": "nem",
            "name": "Newmont Corp",
            "ticker": "NEM",
            "color": "#fbbf24",
            "nextEarningsDate": "2026-02-19",
            "financials": [
                {
                    "quarter": "Q4 2025",
                    "marketCap": 125840000000,
                    "revenue": null,
                    "eps": null,
                    "profitMargins": null,
                    "fcf": null,
                    "qoq": null,
                    "yoy": null,
                    "debt": 5540000000
                },
                {
                    "quarter": "Q3 2025",
                    "marketCap": 122500000000,
                    "revenue": 5524000000,
                    "eps": 1.71,
                    "profitMargins": 30.2,
                    "fcf": 1570000000,
                    "qoq": 3.9,
                    "yoy": 108.8,
                    "debt": 5540000000
                },
                {
                    "quarter": "Q2 2025",
                    "marketCap": 118000000000,
                    "revenue": 5317000000,
                    "eps": 1.43,
                    "profitMargins": 26.9,
                    "fcf": 1710000000,
                    "qoq": 6.1,
                    "yoy": 151.4,
                    "debt": 7610000000
                },
                {
                    "quarter": "Q1 2025",
                    "marketCap": 115000000000,
                    "revenue": 5010000000,
                    "eps": 1.25,
                    "profitMargins": 25.0,
                    "fcf": 1205000000,
                    "qoq": 6.6,
                    "yoy": 127.3,
                    "debt": 8500000000
                },
                {
                    "quarter": "Q4 2024",
                    "marketCap": 110000000000,
                    "revenue": 4700000000,
                    "eps": 1.40,
                    "profitMargins": 29.8,
                    "fcf": 1400000000,
                    "qoq": 15.0,
                    "yoy": 122.0,
                    "debt": 8970000000
                },
                {
                    "quarter": "Q3 2024",
                    "marketCap": 98000000000,
                    "revenue": 4600000000,
                    "eps": 0.81,
                    "profitMargins": 17.6,
                    "fcf": 760000000,
                    "qoq": 4.5,
                    "yoy": 84.0,
                    "debt": 7900000000
                },
                {
                    "quarter": "Q2 2024",
                    "marketCap": 85000000000,
                    "revenue": 4400000000,
                    "eps": 0.72,
                    "profitMargins": 16.4,
                    "fcf": 594000000,
                    "qoq": 9.4,
                    "yoy": 118.0,
                    "debt": 8200000000
                },
                {
                    "quarter": "Q1 2024",
                    "marketCap": 79000000000,
                    "revenue": 4020000000,
                    "eps": 0.55,
                    "profitMargins": 13.7,
                    "fcf": 450000000,
                    "qoq": 1.5,
                    "yoy": 61.7,
                    "debt": 8500000000
                },
                {
                    "quarter": "Q4 2023",
                    "marketCap": 45000000000,
                    "revenue": 3960000000,
                    "eps": 0.50,
                    "profitMargins": 12.6,
                    "fcf": 86000000,
                    "qoq": 57.8,
                    "yoy": 23.7,
                    "debt": 5570000000
                },
                {
                    "quarter": "Q3 2023",
                    "marketCap": 38000000000,
                    "revenue": 2510000000,
                    "eps": 0.36,
                    "profitMargins": 14.3,
                    "fcf": 397000000,
                    "qoq": -6.3,
                    "yoy": -5.3,
                    "debt": 5570000000
                },
                {
                    "quarter": "Q2 2023",
                    "marketCap": 34000000000,
                    "revenue": 2680000000,
                    "eps": 0.33,
                    "profitMargins": 12.3,
                    "fcf": 40000000,
                    "qoq": 0.0,
                    "yoy": -12.4,
                    "debt": 5570000000
                },
                {
                    "quarter": "Q1 2023",
                    "marketCap": 38000000000,
                    "revenue": 2680000000,
                    "eps": 0.40,
                    "profitMargins": 14.9,
                    "fcf": -45000000,
                    "qoq": -16.2,
                    "yoy": -11.3,
                    "debt": 5570000000
                },
                {
                    "quarter": "Q4 2022",
                    "marketCap": 37000000000,
                    "revenue": 3200000000,
                    "eps": 0.44,
                    "profitMargins": 13.7,
                    "fcf": 304000000,
                    "qoq": 20.7,
                    "yoy": -5.6,
                    "debt": 5570000000
                },
                {
                    "quarter": "Q3 2022",
                    "marketCap": 33000000000,
                    "revenue": 2650000000,
                    "eps": 0.27,
                    "profitMargins": 10.2,
                    "fcf": -65000000,
                    "qoq": -13.4,
                    "yoy": -9.2,
                    "debt": 5570000000
                },
                {
                    "quarter": "Q2 2022",
                    "marketCap": 47000000000,
                    "revenue": 3060000000,
                    "eps": 0.46,
                    "profitMargins": 15.0,
                    "fcf": 514000000,
                    "qoq": 1.3,
                    "yoy": 0.0,
                    "debt": 5570000000
                },
                {
                    "quarter": "Q1 2022",
                    "marketCap": 63000000000,
                    "revenue": 3020000000,
                    "eps": 0.69,
                    "profitMargins": 22.8,
                    "fcf": 432000000,
                    "qoq": -10.9,
                    "yoy": 5.2,
                    "debt": 5570000000
                },
                {
                    "quarter": "Q4 2021",
                    "marketCap": 49000000000,
                    "revenue": 3390000000,
                    "eps": 0.78,
                    "profitMargins": 23.0,
                    "fcf": 844000000,
                    "qoq": 16.9,
                    "yoy": 0.3,
                    "debt": 5570000000
                },
                {
                    "quarter": "Q3 2021",
                    "marketCap": 43000000000,
                    "revenue": 2900000000,
                    "eps": 0.60,
                    "profitMargins": 20.7,
                    "fcf": 374000000,
                    "qoq": -5.2,
                    "yoy": -8.5,
                    "debt": 5570000000
                },
                {
                    "quarter": "Q2 2021",
                    "marketCap": 50000000000,
                    "revenue": 3060000000,
                    "eps": 0.83,
                    "profitMargins": 27.1,
                    "fcf": 578000000,
                    "qoq": 6.6,
                    "yoy": 29.1,
                    "debt": 5570000000
                },
                {
                    "quarter": "Q1 2021",
                    "marketCap": 48000000000,
                    "revenue": 2870000000,
                    "eps": 0.74,
                    "profitMargins": 25.8,
                    "fcf": 442000000,
                    "qoq": -15.1,
                    "yoy": 11.2,
                    "debt": 5570000000
                },
                {
                    "quarter": "Q4 2020",
                    "marketCap": 48000000000,
                    "revenue": 3380000000,
                    "eps": 1.06,
                    "profitMargins": 31.4,
                    "fcf": 984000000,
                    "qoq": 6.6,
                    "yoy": 13.8,
                    "debt": 5500000000
                },
                {
                    "quarter": "Q3 2020",
                    "marketCap": 51000000000,
                    "revenue": 3170000000,
                    "eps": 0.86,
                    "profitMargins": 27.1,
                    "fcf": 1300000000,
                    "qoq": 33.7,
                    "yoy": 17.0,
                    "debt": 5500000000
                },
                {
                    "quarter": "Q2 2020",
                    "marketCap": 49000000000,
                    "revenue": 2370000000,
                    "eps": 0.32,
                    "profitMargins": 13.5,
                    "fcf": 400000000,
                    "qoq": -8.1,
                    "yoy": 5.0,
                    "debt": 6100000000
                },
                {
                    "quarter": "Q1 2020",
                    "marketCap": 35000000000,
                    "revenue": 2580000000,
                    "eps": 0.40,
                    "profitMargins": 15.5,
                    "fcf": 610000000,
                    "qoq": -13.1,
                    "yoy": 14.1,
                    "debt": 6100000000
                },
                {
                    "quarter": "Q4 2019",
                    "marketCap": 35000000000,
                    "revenue": 2970000000,
                    "eps": 0.50,
                    "profitMargins": 16.8,
                    "fcf": 794000000,
                    "qoq": 9.6,
                    "yoy": 37.5,
                    "debt": 4900000000
                },
                {
                    "quarter": "Q3 2019",
                    "marketCap": 32000000000,
                    "revenue": 2710000000,
                    "eps": 0.36,
                    "profitMargins": 13.3,
                    "fcf": 365000000,
                    "qoq": 20.0,
                    "yoy": 5.0,
                    "debt": 4900000000
                },
                {
                    "quarter": "Q2 2019",
                    "marketCap": 31000000000,
                    "revenue": 2260000000,
                    "eps": 0.12,
                    "profitMargins": 5.3,
                    "fcf": -4000000,
                    "qoq": -8.5,
                    "yoy": -15.0,
                    "debt": 4900000000
                },
                {
                    "quarter": "Q1 2019",
                    "marketCap": 19000000000,
                    "revenue": 2470000000,
                    "eps": 0.33,
                    "profitMargins": 13.4,
                    "fcf": 349000000,
                    "qoq": 14.3,
                    "yoy": -8.5,
                    "debt": 4100000000
                },
                {
                    "quarter": "Q4 2018",
                    "marketCap": 18000000000,
                    "revenue": 2160000000,
                    "eps": 0.40,
                    "profitMargins": 18.5,
                    "fcf": 402000000,
                    "qoq": 16.3,
                    "yoy": -12.2,
                    "debt": 4100000000
                },
                {
                    "quarter": "Q3 2018",
                    "marketCap": 17000000000,
                    "revenue": 1850000000,
                    "eps": 0.33,
                    "profitMargins": 17.8,
                    "fcf": 286000000,
                    "qoq": 11.4,
                    "yoy": -14.3,
                    "debt": 4100000000
                },
                {
                    "quarter": "Q2 2018",
                    "marketCap": 19500000000,
                    "revenue": 1660000000,
                    "eps": 0.26,
                    "profitMargins": 15.6,
                    "fcf": 258000000,
                    "qoq": -38.5,
                    "yoy": -11.7,
                    "debt": 4100000000
                },
                {
                    "quarter": "Q1 2018",
                    "marketCap": 20000000000,
                    "revenue": 2700000000,
                    "eps": 0.35,
                    "profitMargins": 12.9,
                    "fcf": 395000000,
                    "qoq": 9.7,
                    "yoy": 10.2,
                    "debt": 4100000000
                },
                {
                    "quarter": "Q4 2017",
                    "marketCap": 19800000000,
                    "revenue": 2460000000,
                    "eps": 0.40,
                    "profitMargins": 16.2,
                    "fcf": 456000000,
                    "qoq": 13.9,
                    "yoy": 12.8,
                    "debt": 4100000000
                },
                {
                    "quarter": "Q3 2017",
                    "marketCap": 19000000000,
                    "revenue": 2160000000,
                    "eps": 0.35,
                    "profitMargins": 16.2,
                    "fcf": 348000000,
                    "qoq": 14.9,
                    "yoy": -10.0,
                    "debt": 4600000000
                },
                {
                    "quarter": "Q2 2017",
                    "marketCap": 17000000000,
                    "revenue": 1880000000,
                    "eps": 0.46,
                    "profitMargins": 24.5,
                    "fcf": 435000000,
                    "qoq": -23.2,
                    "yoy": 15.3,
                    "debt": 4600000000
                },
                {
                    "quarter": "Q1 2017",
                    "marketCap": 18000000000,
                    "revenue": 2450000000,
                    "eps": 0.25,
                    "profitMargins": 10.2,
                    "fcf": 199000000,
                    "qoq": 12.3,
                    "yoy": 20.1,
                    "debt": 4600000000
                },
                {
                    "quarter": "Q4 2016",
                    "marketCap": 18500000000,
                    "revenue": 2180000000,
                    "eps": 0.33,
                    "profitMargins": 15.1,
                    "fcf": 411000000,
                    "qoq": -9.2,
                    "yoy": 20.0,
                    "debt": 4600000000
                },
                {
                    "quarter": "Q3 2016",
                    "marketCap": 20000000000,
                    "revenue": 2400000000,
                    "eps": 0.51,
                    "profitMargins": 21.3,
                    "fcf": 550000000,
                    "qoq": 47.2,
                    "yoy": 19.4,
                    "debt": 4600000000
                },
                {
                    "quarter": "Q2 2016",
                    "marketCap": 21000000000,
                    "revenue": 1630000000,
                    "eps": 0.44,
                    "profitMargins": 27.0,
                    "fcf": 486000000,
                    "qoq": -20.1,
                    "yoy": 0.0,
                    "debt": 5500000000
                },
                {
                    "quarter": "Q1 2016",
                    "marketCap": 15000000000,
                    "revenue": 2040000000,
                    "eps": 0.34,
                    "profitMargins": 16.7,
                    "fcf": 350000000,
                    "qoq": 12.0,
                    "yoy": 2.0,
                    "debt": 5800000000
                },
                {
                    "quarter": "Q4 2015",
                    "marketCap": 9000000000,
                    "revenue": 1820000000,
                    "eps": 0.04,
                    "profitMargins": 2.2,
                    "fcf": 100000000,
                    "qoq": -9.5,
                    "yoy": -20.0,
                    "debt": 6100000000
                },
                {
                    "quarter": "Q3 2015",
                    "marketCap": 8500000000,
                    "revenue": 2010000000,
                    "eps": 0.23,
                    "profitMargins": 11.4,
                    "fcf": 346000000,
                    "qoq": 23.3,
                    "yoy": -15.0,
                    "debt": 6100000000
                },
                {
                    "quarter": "Q2 2015",
                    "marketCap": 10000000000,
                    "revenue": 1630000000,
                    "eps": 0.26,
                    "profitMargins": 16.0,
                    "fcf": 200000000,
                    "qoq": -18.5,
                    "yoy": -10.0,
                    "debt": 6300000000
                },
                {
                    "quarter": "Q1 2015",
                    "marketCap": 11000000000,
                    "revenue": 2000000000,
                    "eps": 0.46,
                    "profitMargins": 23.0,
                    "fcf": 350000000,
                    "qoq": 0.0,
                    "yoy": -5.0,
                    "debt": 6300000000
                },
                {
                    "quarter": "Q4 2014",
                    "marketCap": 9500000000,
                    "revenue": 2000000000,
                    "eps": 0.17,
                    "profitMargins": 8.5,
                    "fcf": 150000000,
                    "qoq": -15.0,
                    "yoy": -10.0,
                    "debt": 6500000000
                },
                {
                    "quarter": "Q3 2014",
                    "marketCap": 11000000000,
                    "revenue": 2350000000,
                    "eps": 0.25,
                    "profitMargins": 10.6,
                    "fcf": 250000000,
                    "qoq": 10.0,
                    "yoy": 5.0,
                    "debt": 6500000000
                },
                {
                    "quarter": "Q2 2014",
                    "marketCap": 12500000000,
                    "revenue": 2130000000,
                    "eps": 0.20,
                    "profitMargins": 9.4,
                    "fcf": 180000000,
                    "qoq": -5.0,
                    "yoy": -10.0,
                    "debt": 6500000000
                },
                {
                    "quarter": "Q1 2014",
                    "marketCap": 11500000000,
                    "revenue": 2240000000,
                    "eps": 0.28,
                    "profitMargins": 12.5,
                    "fcf": 220000000,
                    "qoq": 0.0,
                    "yoy": -5.0,
                    "debt": 6500000000
                },
                 {
                    "quarter": "Q4 2013",
                    "marketCap": 11000000000,
                    "revenue": 2250000000,
                    "eps": 0.30,
                    "profitMargins": 13.3,
                    "fcf": 300000000,
                    "qoq": 0.0,
                    "yoy": -10.0,
                    "debt": 6500000000
                },
                {
                    "quarter": "Q3 2013",
                    "marketCap": 14000000000,
                    "revenue": 2500000000,
                    "eps": 0.45,
                    "profitMargins": 18.0,
                    "fcf": 400000000,
                    "qoq": 5.0,
                    "yoy": -15.0,
                    "debt": 6000000000
                },
                {
                    "quarter": "Q2 2013",
                    "marketCap": 15000000000,
                    "revenue": 2380000000,
                    "eps": 0.40,
                    "profitMargins": 16.8,
                    "fcf": 350000000,
                    "qoq": -5.0,
                    "yoy": -20.0,
                    "debt": 6000000000
                },
                {
                    "quarter": "Q1 2013",
                    "marketCap": 20000000000,
                    "revenue": 2500000000,
                    "eps": 0.50,
                    "profitMargins": 20.0,
                    "fcf": 450000000,
                    "qoq": 0.0,
                    "yoy": -10.0,
                    "debt": 6000000000
                },
                {
                    "quarter": "Q4 2012",
                    "marketCap": 22000000000,
                    "revenue": 2500000000,
                    "eps": 0.60,
                    "profitMargins": 24.0,
                    "fcf": 500000000,
                    "qoq": 4.1,
                    "yoy": -5.0,
                    "debt": 5000000000
                },
                {
                    "quarter": "Q3 2012",
                    "marketCap": 27000000000,
                    "revenue": 2400000000,
                    "eps": 0.80,
                    "profitMargins": 33.3,
                    "fcf": 700000000,
                    "qoq": -4.0,
                    "yoy": 0.0,
                    "debt": 4500000000
                },
                {
                    "quarter": "Q2 2012",
                    "marketCap": 24000000000,
                    "revenue": 2500000000,
                    "eps": 0.70,
                    "profitMargins": 28.0,
                    "fcf": 600000000,
                    "qoq": -7.4,
                    "yoy": 5.0,
                    "debt": 4500000000
                },
                {
                    "quarter": "Q1 2012",
                    "marketCap": 26000000000,
                    "revenue": 2700000000,
                    "eps": 0.90,
                    "profitMargins": 33.3,
                    "fcf": 800000000,
                    "qoq": 8.0,
                    "yoy": 12.5,
                    "debt": 4500000000
                },
                {
                    "quarter": "Q4 2011",
                    "marketCap": 28000000000,
                    "revenue": 2500000000,
                    "eps": 1.00,
                    "profitMargins": 40.0,
                    "fcf": 900000000,
                    "qoq": 4.1,
                    "yoy": 25.0,
                    "debt": 4000000000
                },
                {
                    "quarter": "Q3 2011",
                    "marketCap": 30000000000,
                    "revenue": 2400000000,
                    "eps": 1.10,
                    "profitMargins": 45.8,
                    "fcf": 1000000000,
                    "qoq": 9.0,
                    "yoy": 33.3,
                    "debt": 4000000000
                },
                {
                    "quarter": "Q2 2011",
                    "marketCap": 27000000000,
                    "revenue": 2200000000,
                    "eps": 0.90,
                    "profitMargins": 40.9,
                    "fcf": 800000000,
                    "qoq": 10.0,
                    "yoy": 22.2,
                    "debt": 4000000000
                },
                {
                    "quarter": "Q1 2011",
                    "marketCap": 26000000000,
                    "revenue": 2000000000,
                    "eps": 0.80,
                    "profitMargins": 40.0,
                    "fcf": 700000000,
                    "qoq": 11.1,
                    "yoy": 25.0,
                    "debt": 4000000000
                },
                {
                    "quarter": "Q4 2010",
                    "marketCap": 25000000000,
                    "revenue": 1800000000,
                    "eps": 0.80,
                    "profitMargins": 44.4,
                    "fcf": 600000000,
                    "qoq": 5.8,
                    "yoy": 20.0,
                    "debt": 4500000000
                },
                {
                    "quarter": "Q3 2010",
                    "marketCap": 26000000000,
                    "revenue": 1700000000,
                    "eps": 0.70,
                    "profitMargins": 41.1,
                    "fcf": 500000000,
                    "qoq": 6.2,
                    "yoy": 13.3,
                    "debt": 4500000000
                },
                {
                    "quarter": "Q2 2010",
                    "marketCap": 24000000000,
                    "revenue": 1600000000,
                    "eps": 0.60,
                    "profitMargins": 37.5,
                    "fcf": 400000000,
                    "qoq": 6.6,
                    "yoy": 14.2,
                    "debt": 4500000000
                },
                {
                    "quarter": "Q1 2010",
                    "marketCap": 22000000000,
                    "revenue": 1500000000,
                    "eps": 0.50,
                    "profitMargins": 33.3,
                    "fcf": 300000000,
                    "qoq": 0.0,
                    "yoy": 15.3,
                    "debt": 4500000000
                },
                {
                    "quarter": "Q4 2009",
                    "marketCap": 20000000000,
                    "revenue": 1500000000,
                    "eps": 0.45,
                    "profitMargins": 30.0,
                    "fcf": 250000000,
                    "qoq": 7.1,
                    "yoy": 25.0,
                    "debt": 5000000000
                },
                {
                    "quarter": "Q3 2009",
                    "marketCap": 19000000000,
                    "revenue": 1400000000,
                    "eps": 0.79,
                    "profitMargins": 56.4,
                    "fcf": 600000000,
                    "qoq": 7.6,
                    "yoy": 27.2,
                    "debt": 5000000000
                },
                {
                    "quarter": "Q2 2009",
                    "marketCap": 18000000000,
                    "revenue": 1300000000,
                    "eps": 0.35,
                    "profitMargins": 26.9,
                    "fcf": 200000000,
                    "qoq": 0.0,
                    "yoy": 8.3,
                    "debt": 5000000000
                },
                {
                    "quarter": "Q1 2009",
                    "marketCap": 17000000000,
                    "revenue": 1300000000,
                    "eps": 0.30,
                    "profitMargins": 23.0,
                    "fcf": 150000000,
                    "qoq": 8.3,
                    "yoy": 18.1,
                    "debt": 5000000000
                },
                 {
                    "quarter": "Q4 2008",
                    "marketCap": 15000000000,
                    "revenue": 1200000000,
                    "eps": 0.25,
                    "profitMargins": 20.8,
                    "fcf": 100000000,
                    "qoq": 9.0,
                    "yoy": -8.3,
                    "debt": 4000000000
                },
                {
                    "quarter": "Q3 2008",
                    "marketCap": 16000000000,
                    "revenue": 1100000000,
                    "eps": 0.42,
                    "profitMargins": 38.1,
                    "fcf": 250000000,
                    "qoq": -8.3,
                    "yoy": 10.0,
                    "debt": 4000000000
                },
                {
                    "quarter": "Q2 2008",
                    "marketCap": 18000000000,
                    "revenue": 1200000000,
                    "eps": 0.30,
                    "profitMargins": 25.0,
                    "fcf": 150000000,
                    "qoq": 9.0,
                    "yoy": 20.0,
                    "debt": 4000000000
                },
                {
                    "quarter": "Q1 2008",
                    "marketCap": 20000000000,
                    "revenue": 1100000000,
                    "eps": 0.20,
                    "profitMargins": 18.1,
                    "fcf": 100000000,
                    "qoq": 0.0,
                    "yoy": 10.0,
                    "debt": 4000000000
                },
                {
                    "quarter": "Q4 2007",
                    "marketCap": 22000000000,
                    "revenue": 1100000000,
                    "eps": 0.25,
                    "profitMargins": 22.7,
                    "fcf": 120000000,
                    "qoq": 10.0,
                    "yoy": 0.0,
                    "debt": 3500000000
                },
                {
                    "quarter": "Q3 2007",
                    "marketCap": 21000000000,
                    "revenue": 1000000000,
                    "eps": 0.20,
                    "profitMargins": 20.0,
                    "fcf": 100000000,
                    "qoq": 0.0,
                    "yoy": 0.0,
                    "debt": 3500000000
                },
                {
                    "quarter": "Q2 2007",
                    "marketCap": 19000000000,
                    "revenue": 1000000000,
                    "eps": 0.15,
                    "profitMargins": 15.0,
                    "fcf": 80000000,
                    "qoq": 0.0,
                    "yoy": 0.0,
                    "debt": 3500000000
                },
                {
                    "quarter": "Q1 2007",
                    "marketCap": 18000000000,
                    "revenue": 1000000000,
                    "eps": 0.10,
                    "profitMargins": 10.0,
                    "fcf": 50000000,
                    "qoq": 0.0,
                    "yoy": 0.0,
                    "debt": 3500000000
                }
            ]
        },
        {
            "id": "gold",
            "name": "Barrick Gold",
            "ticker": "GOLD",
            "color": "#2563eb",
            "nextEarningsDate": "2026-05-04",
            "financials": [
                {
                    "quarter": "Q4 2025",
                    "marketCap": 27500000000,
                    "revenue": 11100000000,
                    "eps": 0.95,
                    "profitMargins": 8.8,
                    "fcf": 330000000,
                    "qoq": 2.8,
                    "yoy": 6.5,
                    "debt": 4100000000
                },
                {
                    "quarter": "Q3 2025",
                    "marketCap": 26500000000,
                    "revenue": 10800000000,
                    "eps": 0.92,
                    "profitMargins": 8.5,
                    "fcf": 310000000,
                    "qoq": -1.2,
                    "yoy": 5.8,
                    "debt": 4200000000
                },
                {
                    "quarter": "Q2 2025",
                    "marketCap": 27100000000,
                    "revenue": 11000000000,
                    "eps": 0.98,
                    "profitMargins": 9.2,
                    "fcf": 350000000,
                    "qoq": 1.5,
                    "yoy": 6.3,
                    "debt": 4300000000
                },
                {
                    "quarter": "Q1 2025",
                    "marketCap": 26800000000,
                    "revenue": 10500000000,
                    "eps": 0.94,
                    "profitMargins": 8.9,
                    "fcf": 330000000,
                    "qoq": 1,
                    "yoy": 5.1,
                    "debt": 4500000000
                },
                {
                    "quarter": "Q4 2024",
                    "marketCap": 26200000000,
                    "revenue": 10200000000,
                    "eps": 0.88,
                    "profitMargins": 8.2,
                    "fcf": 310000000,
                    "qoq": 0.8,
                    "yoy": 4.8,
                    "debt": 4700000000
                }
            ]
        },
        {
            "id": "aem",
            "name": "Agnico Eagle",
            "ticker": "AEM",
            "color": "#64748b",
            "nextEarningsDate": "2026-04-30",
            "financials": [
                {
                    "quarter": "Q4 2025",
                    "marketCap": 25200000000,
                    "revenue": 6500000000,
                    "eps": 2.25,
                    "profitMargins": 34.5,
                    "fcf": 135000000,
                    "qoq": 4.8,
                    "yoy": 19.2,
                    "debt": 2000000000
                },
                {
                    "quarter": "Q3 2025",
                    "marketCap": 24100000000,
                    "revenue": 6200000000,
                    "eps": 2.1,
                    "profitMargins": 33.9,
                    "fcf": 120000000,
                    "qoq": 4.8,
                    "yoy": 18.5,
                    "debt": 2100000000
                },
                {
                    "quarter": "Q2 2025",
                    "marketCap": 23500000000,
                    "revenue": 5900000000,
                    "eps": 1.95,
                    "profitMargins": 32.5,
                    "fcf": 115000000,
                    "qoq": 2.1,
                    "yoy": 16.2,
                    "debt": 2200000000
                },
                {
                    "quarter": "Q1 2025",
                    "marketCap": 22800000000,
                    "revenue": 5600000000,
                    "eps": 1.88,
                    "profitMargins": 31.8,
                    "fcf": 105000000,
                    "qoq": 1.8,
                    "yoy": 15.5,
                    "debt": 2300000000
                },
                {
                    "quarter": "Q4 2024",
                    "marketCap": 22100000000,
                    "revenue": 5300000000,
                    "eps": 1.75,
                    "profitMargins": 30.5,
                    "fcf": 95000000,
                    "qoq": 1.5,
                    "yoy": 14.8,
                    "debt": 2400000000
                }
            ]
        },
        {
            "id": "wpm",
            "name": "Wheaton Precious",
            "ticker": "WPM",
            "color": "#9333ea",
            "nextEarningsDate": "2026-05-11",
            "financials": [
                {
                    "quarter": "Q4 2025",
                    "marketCap": 21000000000,
                    "revenue": 1150000000,
                    "eps": 1.18,
                    "profitMargins": 45.8,
                    "fcf": 600000000,
                    "qoq": 4.5,
                    "yoy": 1.2,
                    "debt": 450000000
                },
                {
                    "quarter": "Q3 2025",
                    "marketCap": 20200000000,
                    "revenue": 1100000000,
                    "eps": 1.15,
                    "profitMargins": 45.2,
                    "fcf": 580000000,
                    "qoq": 1.5,
                    "yoy": -3.2,
                    "debt": 500000000
                },
                {
                    "quarter": "Q2 2025",
                    "marketCap": 19800000000,
                    "revenue": 1080000000,
                    "eps": 1.12,
                    "profitMargins": 44.8,
                    "fcf": 560000000,
                    "qoq": 0.8,
                    "yoy": -2.5,
                    "debt": 550000000
                },
                {
                    "quarter": "Q1 2025",
                    "marketCap": 19500000000,
                    "revenue": 1050000000,
                    "eps": 1.1,
                    "profitMargins": 44.2,
                    "fcf": 540000000,
                    "qoq": 0.5,
                    "yoy": -1.8,
                    "debt": 600000000
                },
                {
                    "quarter": "Q4 2024",
                    "marketCap": 19200000000,
                    "revenue": 1020000000,
                    "eps": 1.05,
                    "profitMargins": 43.5,
                    "fcf": 520000000,
                    "qoq": 0.4,
                    "yoy": -1.2,
                    "debt": 650000000
                }
            ]
        },
        {
            "id": "fnv",
            "name": "Franco-Nevada",
            "ticker": "FNV",
            "color": "#10b981",
            "nextEarningsDate": "2026-05-07",
            "financials": [
                {
                    "quarter": "Q4 2025",
                    "marketCap": 21800000000,
                    "revenue": 1350000000,
                    "eps": 3.45,
                    "profitMargins": 52.5,
                    "fcf": 660000000,
                    "qoq": 3.8,
                    "yoy": 5.5,
                    "debt": 180000000
                },
                {
                    "quarter": "Q3 2025",
                    "marketCap": 20900000000,
                    "revenue": 1300000000,
                    "eps": 3.4,
                    "profitMargins": 52.1,
                    "fcf": 640000000,
                    "qoq": 0.9,
                    "yoy": 4.2,
                    "debt": 200000000
                },
                {
                    "quarter": "Q2 2025",
                    "marketCap": 20500000000,
                    "revenue": 1280000000,
                    "eps": 3.35,
                    "profitMargins": 51.5,
                    "fcf": 620000000,
                    "qoq": 1.2,
                    "yoy": 3.9,
                    "debt": 220000000
                },
                {
                    "quarter": "Q1 2025",
                    "marketCap": 20100000000,
                    "revenue": 1250000000,
                    "eps": 3.3,
                    "profitMargins": 51,
                    "fcf": 600000000,
                    "qoq": 0.7,
                    "yoy": 3.5,
                    "debt": 250000000
                },
                {
                    "quarter": "Q4 2024",
                    "marketCap": 19800000000,
                    "revenue": 1220000000,
                    "eps": 3.25,
                    "profitMargins": 50.5,
                    "fcf": 580000000,
                    "qoq": 0.6,
                    "yoy": 3.2,
                    "debt": 280000000
                }
            ]
        }
    ]
}