{
    "companies": [
        {
            "id": "nem",
            "financials": [
                {
                    "quarter": "Q4 2025",
                    "marketCap": 125840000000,
                    "revenue": null,
                    "eps": null,
                    "profitMargins": null,
                    "fcf": null,
                    "qoq": null,
                    "yoy": null,
                    "debt": 5540000000
                },
                {
                    "quarter": "Q3 2025",
                    "marketCap": 122500000000,
                    "revenue": 5524000000,
                    "eps": 1.71,
                    "profitMargins": 30.2,
                    "fcf": 1570000000,
                    "qoq": 3.9,
                    "yoy": 108.8,
                    "debt": 5540000000
                },
                {
                    "quarter": "Q2 2025",
                    "marketCap": 118000000000,
                    "revenue": 5317000000,
                    "eps": 1.43,
                    "profitMargins": 26.9,
                    "fcf": 1710000000,
                    "qoq": 6.1,
                    "yoy": 151.4,
                    "debt": 7610000000
                },
                {
                    "quarter": "Q1 2025",
                    "marketCap": 115000000000,
                    "revenue": 5010000000,
                    "eps": 1.25,
                    "profitMargins": 25.0,
                    "fcf": 1205000000,
                    "qoq": 6.6,
                    "yoy": 127.3,
                    "debt": 8500000000
                },
                {
                    "quarter": "Q4 2024",
                    "marketCap": 110000000000,
                    "revenue": 4700000000,
                    "eps": 1.40,
                    "profitMargins": 29.8,
                    "fcf": 1400000000,
                    "qoq": 15.0,
                    "yoy": 122.0,
                    "debt": 8970000000
                },
                {
                    "quarter": "Q3 2024",
                    "marketCap": 98000000000,
                    "revenue": 4600000000,
                    "eps": 0.81,
                    "profitMargins": 17.6,
                    "fcf": 760000000,
                    "qoq": 4.5,
                    "yoy": 84.0,
                    "debt": 7900000000
                },
                {
                    "quarter": "Q2 2024",
                    "marketCap": 85000000000,
                    "revenue": 4400000000,
                    "eps": 0.72,
                    "profitMargins": 16.4,
                    "fcf": 594000000,
                    "qoq": 9.4,
                    "yoy": 118.0,
                    "debt": 8200000000
                },
                {
                    "quarter": "Q1 2024",
                    "marketCap": 79000000000,
                    "revenue": 4020000000,
                    "eps": 0.55,
                    "profitMargins": 13.7,
                    "fcf": 450000000,
                    "qoq": 1.5,
                    "yoy": 61.7,
                    "debt": 8500000000
                },
                {
                    "quarter": "Q4 2023",
                    "marketCap": 45000000000,
                    "revenue": 3960000000,
                    "eps": 0.50,
                    "profitMargins": 12.6,
                    "fcf": 86000000,
                    "qoq": 57.8,
                    "yoy": 23.7,
                    "debt": 5570000000
                },
                {
                    "quarter": "Q3 2023",
                    "marketCap": 38000000000,
                    "revenue": 2510000000,
                    "eps": 0.36,
                    "profitMargins": 14.3,
                    "fcf": 397000000,
                    "qoq": -6.3,
                    "yoy": -5.3,
                    "debt": 5570000000
                },
                {
                    "quarter": "Q2 2023",
                    "marketCap": 34000000000,
                    "revenue": 2680000000,
                    "eps": 0.33,
                    "profitMargins": 12.3,
                    "fcf": 40000000,
                    "qoq": 0.0,
                    "yoy": -12.4,
                    "debt": 5570000000
                },
                {
                    "quarter": "Q1 2023",
                    "marketCap": 38000000000,
                    "revenue": 2680000000,
                    "eps": 0.40,
                    "profitMargins": 14.9,
                    "fcf": -45000000,
                    "qoq": -16.2,
                    "yoy": -11.3,
                    "debt": 5570000000
                },
                {
                    "quarter": "Q4 2022",
                    "marketCap": 37000000000,
                    "revenue": 3200000000,
                    "eps": 0.44,
                    "profitMargins": 13.7,
                    "fcf": 304000000,
                    "qoq": 20.7,
                    "yoy": -5.6,
                    "debt": 5570000000
                },
                {
                    "quarter": "Q3 2022",
                    "marketCap": 33000000000,
                    "revenue": 2650000000,
                    "eps": 0.27,
                    "profitMargins": 10.2,
                    "fcf": -65000000,
                    "qoq": -13.4,
                    "yoy": -9.2,
                    "debt": 5570000000
                },
                {
                    "quarter": "Q2 2022",
                    "marketCap": 47000000000,
                    "revenue": 3060000000,
                    "eps": 0.46,
                    "profitMargins": 15.0,
                    "fcf": 514000000,
                    "qoq": 1.3,
                    "yoy": 0.0,
                    "debt": 5570000000
                },
                {
                    "quarter": "Q1 2022",
                    "marketCap": 63000000000,
                    "revenue": 3020000000,
                    "eps": 0.69,
                    "profitMargins": 22.8,
                    "fcf": 432000000,
                    "qoq": -10.9,
                    "yoy": 5.2,
                    "debt": 5570000000
                },
                {
                    "quarter": "Q4 2021",
                    "marketCap": 49000000000,
                    "revenue": 3390000000,
                    "eps": 0.78,
                    "profitMargins": 23.0,
                    "fcf": 844000000,
                    "qoq": 16.9,
                    "yoy": 0.3,
                    "debt": 5570000000
                },
                {
                    "quarter": "Q3 2021",
                    "marketCap": 43000000000,
                    "revenue": 2900000000,
                    "eps": 0.60,
                    "profitMargins": 20.7,
                    "fcf": 374000000,
                    "qoq": -5.2,
                    "yoy": -8.5,
                    "debt": 5570000000
                },
                {
                    "quarter": "Q2 2021",
                    "marketCap": 50000000000,
                    "revenue": 3060000000,
                    "eps": 0.83,
                    "profitMargins": 27.1,
                    "fcf": 578000000,
                    "qoq": 6.6,
                    "yoy": 29.1,
                    "debt": 5570000000
                },
                {
                    "quarter": "Q1 2021",
                    "marketCap": 48000000000,
                    "revenue": 2870000000,
                    "eps": 0.74,
                    "profitMargins": 25.8,
                    "fcf": 442000000,
                    "qoq": -15.1,
                    "yoy": 11.2,
                    "debt": 5570000000
                },
                {
                    "quarter": "Q4 2020",
                    "marketCap": 48000000000,
                    "revenue": 3380000000,
                    "eps": 1.06,
                    "profitMargins": 31.4,
                    "fcf": 984000000,
                    "qoq": 6.6,
                    "yoy": 13.8,
                    "debt": 5500000000
                },
                {
                    "quarter": "Q3 2020",
                    "marketCap": 51000000000,
                    "revenue": 3170000000,
                    "eps": 0.86,
                    "profitMargins": 27.1,
                    "fcf": 1300000000,
                    "qoq": 33.7,
                    "yoy": 17.0,
                    "debt": 5500000000
                },
                {
                    "quarter": "Q2 2020",
                    "marketCap": 49000000000,
                    "revenue": 2370000000,
                    "eps": 0.32,
                    "profitMargins": 13.5,
                    "fcf": 400000000,
                    "qoq": -8.1,
                    "yoy": 5.0,
                    "debt": 6100000000
                },
                {
                    "quarter": "Q1 2020",
                    "marketCap": 35000000000,
                    "revenue": 2580000000,
                    "eps": 0.40,
                    "profitMargins": 15.5,
                    "fcf": 610000000,
                    "qoq": -13.1,
                    "yoy": 14.1,
                    "debt": 6100000000
                }
            ]
        },
        {
            "id": "gold",
            "financials": [
                {
                    "quarter": "Q4 2025",
                    "revenue": 5997000000,
                    "eps": 1.43,
                    "profitMargins": 40.1,
                    "fcf": 1620000000,
                    "qoq": 44.6,
                    "yoy": 64.5
                },
                {
                    "quarter": "Q3 2025",
                    "revenue": 4148000000,
                    "eps": 0.76,
                    "profitMargins": 31.4,
                    "fcf": 1479000000,
                    "qoq": 35.6,
                    "yoy": 23.0
                },
                {
                    "quarter": "Q2 2025",
                    "revenue": 3059000000,
                    "eps": 0.47,
                    "profitMargins": 22.8,
                    "fcf": 395000000,
                    "qoq": -2.3,
                    "yoy": 33.5
                },
                {
                    "quarter": "Q1 2025",
                    "revenue": 3130000000,
                    "eps": 0.27,
                    "profitMargins": 15.1,
                    "fcf": 375000000,
                    "qoq": -22.5,
                    "yoy": 18.6
                },
                {
                    "quarter": "Q4 2024",
                    "revenue": 3645000000,
                    "eps": 0.57,
                    "profitMargins": 27.3,
                    "fcf": 501000000,
                    "qoq": 8.2,
                    "yoy": 19.2
                },
                {
                    "quarter": "Q3 2024",
                    "revenue": 3368000000,
                    "eps": 0.28,
                    "profitMargins": 14.3,
                    "fcf": 444000000,
                    "qoq": 6.5,
                    "yoy": 17.7
                },
                {
                    "quarter": "Q2 2024",
                    "revenue": 3162000000,
                    "eps": 0.21,
                    "profitMargins": 11.7,
                    "fcf": 340000000,
                    "qoq": 15.1,
                    "yoy": 11.6
                },
                {
                    "quarter": "Q1 2024",
                    "revenue": 2747000000,
                    "eps": 0.17,
                    "profitMargins": 10.8,
                    "fcf": 32000000,
                    "qoq": -10.2,
                    "yoy": 3.9
                },
                {
                    "quarter": "Q4 2023",
                    "revenue": 3059000000,
                    "eps": 0.27,
                    "profitMargins": 15.7,
                    "fcf": 136000000,
                    "qoq": 6.9,
                    "yoy": 10.3
                },
                {
                    "quarter": "Q3 2023",
                    "revenue": 2862000000,
                    "eps": 0.21,
                    "profitMargins": 12.9,
                    "fcf": 359000000,
                    "qoq": 1.0,
                    "yoy": 13.3
                },
                {
                    "quarter": "Q2 2023",
                    "revenue": 2833000000,
                    "eps": 0.17,
                    "profitMargins": 10.8,
                    "fcf": 63000000,
                    "qoq": 7.2,
                    "yoy": -0.9
                },
                {
                    "quarter": "Q1 2023",
                    "revenue": 2643000000,
                    "eps": 0.07,
                    "profitMargins": 4.5,
                    "fcf": 88000000,
                    "qoq": -4.7,
                    "yoy": -7.4
                },
                {
                    "quarter": "Q4 2022",
                    "revenue": 2774000000,
                    "eps": -0.42,
                    "profitMargins": -26.5,
                    "fcf": -96000000,
                    "qoq": 9.8,
                    "yoy": -16.2
                },
                {
                    "quarter": "Q3 2022",
                    "revenue": 2527000000,
                    "eps": 0.14,
                    "profitMargins": 9.5,
                    "fcf": -34000000,
                    "qoq": -11.6,
                    "yoy": -10.6
                },
                {
                    "quarter": "Q2 2022",
                    "revenue": 2859000000,
                    "eps": 0.27,
                    "profitMargins": 17.1,
                    "fcf": 169000000,
                    "qoq": 0.2,
                    "yoy": -1.2
                },
                {
                    "quarter": "Q1 2022",
                    "revenue": 2853000000,
                    "eps": 0.25,
                    "profitMargins": 15.4,
                    "fcf": 393000000,
                    "qoq": -13.8,
                    "yoy": -3.5
                },
                {
                    "quarter": "Q4 2021",
                    "revenue": 3310000000,
                    "eps": 0.41,
                    "profitMargins": 21.9,
                    "fcf": 718000000,
                    "qoq": 17.1,
                    "yoy": 1.0
                },
                {
                    "quarter": "Q3 2021",
                    "revenue": 2826000000,
                    "eps": 0.2,
                    "profitMargins": 12.3,
                    "fcf": 481000000,
                    "qoq": -2.3,
                    "yoy": -20.2
                },
                {
                    "quarter": "Q2 2021",
                    "revenue": 2893000000,
                    "eps": 0.23,
                    "profitMargins": 14.2,
                    "fcf": -19000000,
                    "qoq": -2.1,
                    "yoy": -5.3
                },
                {
                    "quarter": "Q1 2021",
                    "revenue": 2956000000,
                    "eps": 0.3,
                    "profitMargins": 18.2,
                    "fcf": 763000000,
                    "qoq": -9.8,
                    "yoy": 8.6
                },
                {
                    "quarter": "Q4 2020",
                    "revenue": 3279000000,
                    "eps": 0.39,
                    "profitMargins": 21.0,
                    "fcf": 1085000000,
                    "qoq": -7.4,
                    "yoy": 13.7
                },
                {
                    "quarter": "Q3 2020",
                    "revenue": 3540000000,
                    "eps": 0.5,
                    "profitMargins": 24.9,
                    "fcf": 1311000000,
                    "qoq": 15.9,
                    "yoy": 32.2
                },
                {
                    "quarter": "Q2 2020",
                    "revenue": 3055000000,
                    "eps": 0.2,
                    "profitMargins": 11.7,
                    "fcf": 522000000,
                    "qoq": 12.3,
                    "yoy": 48.1
                },
                {
                    "quarter": "Q1 2020",
                    "revenue": 2721000000,
                    "eps": 0.22,
                    "profitMargins": 14.7,
                    "fcf": 438000000,
                    "qoq": -5.6,
                    "yoy": 30.0
                }
            ]
        },
        {
            "id": "aem",
            "financials": [
                {
                    "quarter": "Q4 2025",
                    "revenue": null,
                    "eps": null,
                    "profitMargins": null,
                    "fcf": null,
                    "qoq": null,
                    "yoy": null
                },
                {
                    "quarter": "Q3 2025",
                    "revenue": 3060000000,
                    "eps": 2.16,
                    "profitMargins": 35.5,
                    "fcf": 1190000000,
                    "qoq": 7.0,
                    "yoy": 89.5
                },
                {
                    "quarter": "Q2 2025",
                    "revenue": 2860000000,
                    "eps": 1.94,
                    "profitMargins": 34.1,
                    "fcf": 1305000000,
                    "qoq": 15.9,
                    "yoy": 81.3
                },
                {
                    "quarter": "Q1 2025",
                    "revenue": 2468200000,
                    "eps": 1.53,
                    "profitMargins": 31.2,
                    "fcf": 594000000,
                    "qoq": 11.0,
                    "yoy": 101.3
                },
                {
                    "quarter": "Q4 2024",
                    "revenue": 2224000000,
                    "eps": 1.26,
                    "profitMargins": 22.89,
                    "fcf": 570000000,
                    "qoq": 3.15,
                    "yoy": 26.58
                },
                {
                    "quarter": "Q3 2024",
                    "revenue": 2156000000,
                    "eps": 1.14,
                    "profitMargins": 26.3,
                    "fcf": 557000000,
                    "qoq": 3.8,
                    "yoy": 31.3
                },
                {
                    "quarter": "Q2 2024",
                    "revenue": 2077000000,
                    "eps": 1.07,
                    "profitMargins": 22.73,
                    "fcf": 557200000,
                    "qoq": 13.5,
                    "yoy": 20.9
                },
                {
                    "quarter": "Q1 2024",
                    "revenue": 1830000000,
                    "eps": 0.76,
                    "profitMargins": 18.96,
                    "fcf": 458600000,
                    "qoq": 4.15,
                    "yoy": 21.19
                },
                {
                    "quarter": "Q4 2023",
                    "revenue": 1757000000,
                    "eps": 0.57,
                    "profitMargins": -21.29,
                    "fcf": 302000000,
                    "qoq": 7.0,
                    "yoy": 26.86
                },
                {
                    "quarter": "Q3 2023",
                    "revenue": 1642000000,
                    "eps": 0.44,
                    "profitMargins": 10.66,
                    "fcf": 353500000,
                    "qoq": -4.42,
                    "yoy": 13.24
                },
                {
                    "quarter": "Q2 2023",
                    "revenue": 1718000000,
                    "eps": 0.65,
                    "profitMargins": 18.86,
                    "fcf": 298400000,
                    "qoq": 13.77,
                    "yoy": 8.67
                },
                {
                    "quarter": "Q1 2023",
                    "revenue": 1510000000,
                    "eps": 0.57,
                    "profitMargins": 120.33,
                    "fcf": -6500000,
                    "qoq": 9.03,
                    "yoy": 13.88
                },
                {
                    "quarter": "Q4 2022",
                    "revenue": 1385000000,
                    "eps": 0.41,
                    "profitMargins": 14.01,
                    "fcf": -20300000,
                    "qoq": -4.48,
                    "yoy": 45.48
                },
                {
                    "quarter": "Q3 2022",
                    "revenue": 1450000000,
                    "eps": 0.52,
                    "profitMargins": 4.62,
                    "fcf": 213200000,
                    "qoq": -8.29,
                    "yoy": 47.36
                },
                {
                    "quarter": "Q2 2022",
                    "revenue": 1581000000,
                    "eps": 0.75,
                    "profitMargins": 18.34,
                    "fcf": 305100000,
                    "qoq": 19.23,
                    "yoy": 60.51
                },
                {
                    "quarter": "Q1 2022",
                    "revenue": 132600000,
                    "eps": 0.61,
                    "profitMargins": 8.97,
                    "fcf": 105600000,
                    "qoq": 39.29,
                    "yoy": 39.58
                },
                {
                    "quarter": "Q4 2021",
                    "revenue": 952000000,
                    "eps": 0.46,
                    "profitMargins": 10.61,
                    "fcf": 98700000,
                    "qoq": -3.25,
                    "yoy": 2.59
                },
                {
                    "quarter": "Q3 2021",
                    "revenue": 984000000,
                    "eps": 0.6,
                    "profitMargins": 12.09,
                    "fcf": 13300000,
                    "qoq": -0.1,
                    "yoy": 0.31
                },
                {
                    "quarter": "Q2 2021",
                    "revenue": 985000000,
                    "eps": 0.68,
                    "profitMargins": 19.9,
                    "fcf": 263600000,
                    "qoq": 3.68,
                    "yoy": 76.84
                },
                {
                    "quarter": "Q1 2021",
                    "revenue": 950000000,
                    "eps": 0.67,
                    "profitMargins": 15.26,
                    "fcf": 75700000,
                    "qoq": 2.37,
                    "yoy": 41.37
                },
                {
                    "quarter": "Q4 2020",
                    "revenue": 928000000,
                    "eps": 0.67,
                    "profitMargins": 22.09,
                    "fcf": 167500000,
                    "qoq": -5.4,
                    "yoy": 23.24
                },
                {
                    "quarter": "Q3 2020",
                    "revenue": 981000000,
                    "eps": 0.78,
                    "profitMargins": 22.73,
                    "fcf": 262300000,
                    "qoq": 76.12,
                    "yoy": 43.63
                },
                {
                    "quarter": "Q2 2020",
                    "revenue": 557000000,
                    "eps": 0.18,
                    "profitMargins": 18.85,
                    "fcf": 1800000,
                    "qoq": -17.11,
                    "yoy": 5.69
                },
                {
                    "quarter": "Q1 2020",
                    "revenue": 672000000,
                    "eps": 0.23,
                    "profitMargins": -3.27,
                    "fcf": 2400000,
                    "qoq": -10.76,
                    "yoy": 26.32
                }
            ]
        },
        {
            "id": "wpm",
            "financials": [
                {
                    "quarter": "Q4 2025",
                    "revenue": null,
                    "eps": null,
                    "profitMargins": null,
                    "fcf": null,
                    "qoq": null,
                    "yoy": null
                },
                {
                    "quarter": "Q3 2025",
                    "revenue": 476260000,
                    "eps": 0.62,
                    "profitMargins": 59.0,
                    "fcf": 383000000,
                    "qoq": -5.4,
                    "yoy": 54.5
                },
                {
                    "quarter": "Q2 2025",
                    "revenue": 503220000,
                    "eps": 0.63,
                    "profitMargins": 56.8,
                    "fcf": 415000000,
                    "qoq": 7.0,
                    "yoy": 68.3
                },
                {
                    "quarter": "Q1 2025",
                    "revenue": 470410000,
                    "eps": 0.55,
                    "profitMargins": 53.3,
                    "fcf": 360793000,
                    "qoq": 23.6,
                    "yoy": 58.5
                },
                {
                    "quarter": "Q4 2024",
                    "revenue": 348000000,
                    "eps": 0.41,
                    "profitMargins": 55.8,
                    "fcf": 268000000,
                    "qoq": 12.9,
                    "yoy": 11.0
                },
                {
                    "quarter": "Q3 2024",
                    "revenue": 308300000,
                    "eps": 0.34,
                    "profitMargins": 51.5,
                    "fcf": 245000000,
                    "qoq": 3.1,
                    "yoy": 38.2
                },
                {
                    "quarter": "Q2 2024",
                    "revenue": 299059000,
                    "eps": 0.37,
                    "profitMargins": 58.7,
                    "fcf": 234000000,
                    "qoq": 0.7,
                    "yoy": 12.9
                },
                {
                    "quarter": "Q1 2024",
                    "revenue": 296839000,
                    "eps": 0.36,
                    "profitMargins": 55.2,
                    "fcf": 219000000,
                    "qoq": -5.3,
                    "yoy": 38.4
                },
                {
                    "quarter": "Q4 2023",
                    "revenue": 313467000,
                    "eps": 0.36,
                    "profitMargins": 54.3,
                    "fcf": 242000000,
                    "qoq": 40.5,
                    "yoy": 32.8
                },
                {
                    "quarter": "Q3 2023",
                    "revenue": 223158000,
                    "eps": 0.27,
                    "profitMargins": 52.1,
                    "fcf": 171000000,
                    "qoq": -15.8,
                    "yoy": 2.0
                },
                {
                    "quarter": "Q2 2023",
                    "revenue": 264971000,
                    "eps": 0.31,
                    "profitMargins": 53.4,
                    "fcf": 202000000,
                    "qoq": 23.6,
                    "yoy": -12.5
                },
                {
                    "quarter": "Q1 2023",
                    "revenue": 214436000,
                    "eps": 0.25,
                    "profitMargins": 53.4,
                    "fcf": 135000000,
                    "qoq": -9.2,
                    "yoy": -30.2
                },
                {
                    "quarter": "Q4 2022",
                    "revenue": 236102000,
                    "eps": 0.22,
                    "profitMargins": 48.0,
                    "fcf": 172000000,
                    "qoq": 7.9,
                    "yoy": -15.1
                },
                {
                    "quarter": "Q3 2022",
                    "revenue": 218774000,
                    "eps": 0.23,
                    "profitMargins": 47.7,
                    "fcf": 154000000,
                    "qoq": -27.8,
                    "yoy": -18.7
                },
                {
                    "quarter": "Q2 2022",
                    "revenue": 302868000,
                    "eps": 0.33,
                    "profitMargins": 49.2,
                    "fcf": 206000000,
                    "qoq": -1.4,
                    "yoy": -8.3
                },
                {
                    "quarter": "Q1 2022",
                    "revenue": 307044000,
                    "eps": 0.35,
                    "profitMargins": 51.3,
                    "fcf": 210000000,
                    "qoq": 10.4,
                    "yoy": -5.3
                },
                {
                    "quarter": "Q4 2021",
                    "revenue": 278183000,
                    "eps": 0.29,
                    "profitMargins": 53.3,
                    "fcf": 204000000,
                    "qoq": 3.4,
                    "yoy": -2.8
                },
                {
                    "quarter": "Q3 2021",
                    "revenue": 268962000,
                    "eps": 0.30,
                    "profitMargins": 50.1,
                    "fcf": 200000000,
                    "qoq": -18.6,
                    "yoy": -12.5
                },
                {
                    "quarter": "Q2 2021",
                    "revenue": 330353000,
                    "eps": 0.37,
                    "profitMargins": 50.3,
                    "fcf": 209000000,
                    "qoq": 1.9,
                    "yoy": 33.2
                },
                {
                    "quarter": "Q1 2021",
                    "revenue": 324124000,
                    "eps": 0.36,
                    "profitMargins": 49.9,
                    "fcf": 232000000,
                    "qoq": 13.2,
                    "yoy": 27.2
                },
                {
                    "quarter": "Q4 2020",
                    "revenue": 286237000,
                    "eps": 0.33,
                    "profitMargins": 55.0,
                    "fcf": 211000000,
                    "qoq": -6.9,
                    "yoy": 28.3
                },
                {
                    "quarter": "Q3 2020",
                    "revenue": 307279000,
                    "eps": 0.34,
                    "profitMargins": 49.9,
                    "fcf": 231000000,
                    "qoq": 23.9,
                    "yoy": 37.6
                },
                {
                    "quarter": "Q2 2020",
                    "revenue": 248024000,
                    "eps": 0.24,
                    "profitMargins": 42.6,
                    "fcf": 152000000,
                    "qoq": -2.7,
                    "yoy": 29.5
                },
                {
                    "quarter": "Q1 2020",
                    "revenue": 254778000,
                    "eps": 0.22,
                    "profitMargins": 37.3,
                    "fcf": 178000000,
                    "qoq": 14.2,
                    "yoy": 13.0
                }
            ]
        },
        {
            "id": "fnv",
            "financials": [
                {
                    "quarter": "Q4 2025",
                    "revenue": null,
                    "eps": null,
                    "profitMargins": null,
                    "fcf": null,
                    "qoq": null,
                    "yoy": null
                },
                {
                    "quarter": "Q3 2025",
                    "revenue": 487700000,
                    "eps": 1.43,
                    "profitMargins": 56.4,
                    "fcf": null,
                    "qoq": 32.0,
                    "yoy": 76.9
                },
                {
                    "quarter": "Q2 2025",
                    "revenue": 369400000,
                    "eps": 1.24,
                    "profitMargins": 64.6,
                    "fcf": null,
                    "qoq": 0.3,
                    "yoy": 42.0
                },
                {
                    "quarter": "Q1 2025",
                    "revenue": 368400000,
                    "eps": 1.07,
                    "profitMargins": 56.0,
                    "fcf": null,
                    "qoq": 14.8,
                    "yoy": 43.5
                },
                {
                    "quarter": "Q4 2024",
                    "revenue": 321000000,
                    "eps": 0.95,
                    "profitMargins": 54.6,
                    "fcf": 243000000,
                    "qoq": 16.4,
                    "yoy": 5.9
                },
                {
                    "quarter": "Q3 2024",
                    "revenue": 275700000,
                    "eps": 0.8,
                    "profitMargins": 55.4,
                    "fcf": 213600000,
                    "qoq": 6.0,
                    "yoy": -11.0
                },
                {
                    "quarter": "Q2 2024",
                    "revenue": 260100000,
                    "eps": 0.75,
                    "profitMargins": 56.1,
                    "fcf": 194300000,
                    "qoq": 1.3,
                    "yoy": -21.2
                },
                {
                    "quarter": "Q1 2024",
                    "revenue": 256800000,
                    "eps": 0.76,
                    "profitMargins": 56.9,
                    "fcf": 178600000,
                    "qoq": -15.3,
                    "yoy": -7.1
                },
                {
                    "quarter": "Q4 2023",
                    "revenue": 303300000,
                    "eps": 0.9,
                    "profitMargins": 56.6,
                    "fcf": 240400000,
                    "qoq": -2.0,
                    "yoy": -5.3
                },
                {
                    "quarter": "Q3 2023",
                    "revenue": 309500000,
                    "eps": 0.91,
                    "profitMargins": 56.8,
                    "fcf": 232000000,
                    "qoq": -6.2,
                    "yoy": 1.7
                },
                {
                    "quarter": "Q2 2023",
                    "revenue": 329900000,
                    "eps": 0.95,
                    "profitMargins": 56.0,
                    "fcf": 268900000,
                    "qoq": 19.4,
                    "yoy": -6.3
                },
                {
                    "quarter": "Q1 2023",
                    "revenue": 276300000,
                    "eps": 0.79,
                    "profitMargins": 56.6,
                    "fcf": 204900000,
                    "qoq": -13.8,
                    "yoy": -18.6
                },
                {
                    "quarter": "Q4 2022",
                    "revenue": 320400000,
                    "eps": 0.86,
                    "profitMargins": 51.5,
                    "fcf": 257700000,
                    "qoq": 5.3,
                    "yoy": -2.4
                },
                {
                    "quarter": "Q3 2022",
                    "revenue": 304200000,
                    "eps": 0.83,
                    "profitMargins": 51.2,
                    "fcf": 213300000,
                    "qoq": -13.7,
                    "yoy": -3.8
                },
                {
                    "quarter": "Q2 2022",
                    "revenue": 352300000,
                    "eps": 1.02,
                    "profitMargins": 55.7,
                    "fcf": 260300000,
                    "qoq": 4.0,
                    "yoy": 1.4
                },
                {
                    "quarter": "Q1 2022",
                    "revenue": 338800000,
                    "eps": 0.93,
                    "profitMargins": 53.7,
                    "fcf": 224400000,
                    "qoq": 3.4,
                    "yoy": 9.7
                },
                {
                    "quarter": "Q4 2021",
                    "revenue": 327700000,
                    "eps": 0.86,
                    "profitMargins": 49.3,
                    "fcf": 235100000,
                    "qoq": 3.6,
                    "yoy": 7.5
                },
                {
                    "quarter": "Q3 2021",
                    "revenue": 316300000,
                    "eps": 0.87,
                    "profitMargins": 50.1,
                    "fcf": 221600000,
                    "qoq": -8.9,
                    "yoy": 12.9
                },
                {
                    "quarter": "Q2 2021",
                    "revenue": 347100000,
                    "eps": 0.96,
                    "profitMargins": 53.9,
                    "fcf": 254100000,
                    "qoq": 12.4,
                    "yoy": 77.9
                },
                {
                    "quarter": "Q1 2021",
                    "revenue": 308900000,
                    "eps": 0.84,
                    "profitMargins": 55.6,
                    "fcf": 223100000,
                    "qoq": 1.4,
                    "yoy": 28.2
                },
                {
                    "quarter": "Q4 2020",
                    "revenue": 304500000,
                    "eps": 0.85,
                    "profitMargins": 57.8,
                    "fcf": 218200000,
                    "qoq": 8.8,
                    "yoy": 18.2
                },
                {
                    "quarter": "Q3 2020",
                    "revenue": 279800000,
                    "eps": 0.8,
                    "profitMargins": 54.9,
                    "fcf": 208500000,
                    "qoq": 43.2,
                    "yoy": 18.6
                },
                {
                    "quarter": "Q2 2020",
                    "revenue": 195400000,
                    "eps": 0.48,
                    "profitMargins": 48.2,
                    "fcf": 140400000,
                    "qoq": -18.7,
                    "yoy": 14.0
                },
                {
                    "quarter": "Q1 2020",
                    "revenue": 240500000,
                    "eps": 0.58,
                    "profitMargins": 51.1,
                    "fcf": 248600000,
                    "qoq": -6.7,
                    "yoy": 33.9
                }
            ]
        }
    ]
}